<?xml version="1.0" encoding="UTF-8"?><collection xmlns="http://www.loc.gov/MARC21/slim"><record><leader>00387nam--2200133-i-4500</leader><controlfield tag="001">000034912</controlfield><controlfield tag="002">20161230</controlfield><controlfield tag="005">20161230201040</controlfield><controlfield tag="008">060222s1000------------r-----000-0-eng-d</controlfield><datafield ind1=" " ind2=" " tag="080"><subfield code="a">536.48</subfield></datafield><datafield ind1=" " ind2=" " tag="100"><subfield code="a">Northby, Jan Arwood</subfield></datafield><datafield ind1=" " ind2=" " tag="245"><subfield code="a">Photo-ejection of electrons from bubble states in liquid helium ii. thesis</subfield></datafield><datafield ind1=" " ind2=" " tag="260"><subfield code="a">Ann Arbor, Univ.Microfilms, Inc., 1966, Vi + 150p</subfield></datafield><datafield ind1=" " ind2=" " tag="852"><subfield code="a">29334</subfield></datafield></record></collection>